<?xml version="1.0" encoding="UTF-8"?><collection xmlns="http://www.loc.gov/MARC21/slim"><record><leader>00372nam--2200121-i-4500</leader><controlfield tag="001">000018826</controlfield><controlfield tag="002">20161230</controlfield><controlfield tag="005">20161230201032</controlfield><controlfield tag="008">060222s1000------------r-----000-0-eng-d</controlfield><datafield ind1=" " ind2=" " tag="100"><subfield code="a">Fox, Russell., Garbuny, Max., Hooke, Robert</subfield></datafield><datafield ind1=" " ind2=" " tag="245"><subfield code="a">The science of science. methods of interpreting physical phenomena</subfield></datafield><datafield ind1=" " ind2=" " tag="260"><subfield code="a">New York, Walker And Co., 1963.Xi + 243 P</subfield></datafield><datafield ind1=" " ind2=" " tag="852"><subfield code="a">22416</subfield></datafield></record></collection>